%% This BibTeX bibliography file was created using BibDesk.
%% http://bibdesk.sourceforge.net/


%% Created for Todd Jobe at 2009-06-15 09:31:34 -0400 


%% Saved with string encoding Unicode (UTF-8) 



@book{kopka2004glt,
	Author = {Kopka, H. and Daly, P.W.},
	Date-Added = {2009-06-15 09:29:50 -0400},
	Date-Modified = {2009-06-15 09:29:50 -0400},
	Publisher = {Addison-Wesley},
	Title = {{Guide to LATEX:[tools and Techniques for Computer Typesetting]}},
	Year = {2004}}

@book{lamport1989ldp,
	Author = {Lamport, L.},
	Date-Added = {2009-06-15 09:29:06 -0400},
	Date-Modified = {2009-06-15 09:29:06 -0400},
	Publisher = {Addison-Wesley Longman Publishing Co., Inc. Boston, MA, USA},
	Title = {{Latex: a document preparation system}},
	Year = {1989}}
