%% This BibTeX bibliography file was created using BibDesk.
%% https://bibdesk.sourceforge.io/

%% Created for Mark Novak at 2020-09-07 13:01:29 -0700 


%% Saved with string encoding Unicode (UTF-8) 



@article{Sholler_2019,
	Author = {Sholler, Dan and Stoudt, Sara and Kennedy, Chris J. and Hoces de la Guardia, Fernando and Lanusse, Francois and Ram, Karthik and Ottoboni, Kellie and Stuart, Marla and Vareth, Maryam and Varoquaux, Nelle and et al.},
	Date-Added = {2020-09-07 12:56:37 -0700},
	Date-Modified = {2020-09-07 12:56:37 -0700},
	Doi = {10.31235/osf.io/qr8cz},
	Month = {Mar},
	Publisher = {Center for Open Science},
	Title = {Resistance to Adoption of Best Practices},
	Url = {http://dx.doi.org/10.31235/osf.io/qr8cz},
	Year = {2019},
	Bdsk-File-1 = {YnBsaXN0MDDSAQIDBFxyZWxhdGl2ZVBhdGhZYWxpYXNEYXRhXxAUcGRmcy9TaG9sbGVyMjAxOS5wZGZPEQGeAAAAAAGeAAIAAAxNYWNpbnRvc2ggSEQAAAAAAAAAAAAAAAAAAAAAAAAAQkQAAf////8PU2hvbGxlcjIwMTkucGRmAAAAAAAAAAAAAAAAAAAAAAAAAAAAAAAAAAAAAAAAAAAAAAAAAAAAAAAAAAAAAAAA/////wAAAAAAAAAAAAAAAAABAAMAAAogY3UAAAAAAAAAAAAAAAAABHBkZnMAAgBULzpVc2VyczptYXJrbm92YWs6R2l0OlRlYWNoaW5nOkFuYWx5dGljYWxXb3JrZmxvd3M6YmlibGlvZ3JhcGh5OnBkZnM6U2hvbGxlcjIwMTkucGRmAA4AIAAPAFMAaABvAGwAbABlAHIAMgAwADEAOQAuAHAAZABmAA8AGgAMAE0AYQBjAGkAbgB0AG8AcwBoACAASABEABIAUlVzZXJzL21hcmtub3Zhay9HaXQvVGVhY2hpbmcvQW5hbHl0aWNhbFdvcmtmbG93cy9iaWJsaW9ncmFwaHkvcGRmcy9TaG9sbGVyMjAxOS5wZGYAEwABLwAAFQACABD//wAAAAgADQAaACQAOwAAAAAAAAIBAAAAAAAAAAUAAAAAAAAAAAAAAAAAAAHd}}

@article{Blischak_2016,
	Author = {Blischak, John D. and Davenport, Emily R. and Wilson, Greg},
	Date-Added = {2020-09-07 12:55:20 -0700},
	Date-Modified = {2020-09-07 12:55:20 -0700},
	Doi = {10.1371/journal.pcbi.1004668},
	Editor = {Ouellette, FrancisEditor},
	Issn = {1553-7358},
	Journal = {PLOS Computational Biology},
	Month = {Jan},
	Number = {1},
	Pages = {e1004668},
	Publisher = {Public Library of Science (PLoS)},
	Title = {A Quick Introduction to Version Control with Git and GitHub},
	Url = {http://dx.doi.org/10.1371/journal.pcbi.1004668},
	Volume = {12},
	Year = {2016},
	Bdsk-File-1 = {YnBsaXN0MDDSAQIDBFxyZWxhdGl2ZVBhdGhZYWxpYXNEYXRhXxAVcGRmcy9CbGlzY2hhazIwMTYuUERGTxEBpAAAAAABpAACAAAMTWFjaW50b3NoIEhEAAAAAAAAAAAAAAAAAAAAAAAAAEJEAAH/////EEJsaXNjaGFrMjAxNi5QREYAAAAAAAAAAAAAAAAAAAAAAAAAAAAAAAAAAAAAAAAAAAAAAAAAAAAAAAAAAAAAAP////8AAAAAAAAAAAAAAAAAAQADAAAKIGN1AAAAAAAAAAAAAAAAAARwZGZzAAIAVS86VXNlcnM6bWFya25vdmFrOkdpdDpUZWFjaGluZzpBbmFseXRpY2FsV29ya2Zsb3dzOmJpYmxpb2dyYXBoeTpwZGZzOkJsaXNjaGFrMjAxNi5QREYAAA4AIgAQAEIAbABpAHMAYwBoAGEAawAyADAAMQA2AC4AUABEAEYADwAaAAwATQBhAGMAaQBuAHQAbwBzAGgAIABIAEQAEgBTVXNlcnMvbWFya25vdmFrL0dpdC9UZWFjaGluZy9BbmFseXRpY2FsV29ya2Zsb3dzL2JpYmxpb2dyYXBoeS9wZGZzL0JsaXNjaGFrMjAxNi5QREYAABMAAS8AABUAAgAQ//8AAAAIAA0AGgAkADwAAAAAAAACAQAAAAAAAAAFAAAAAAAAAAAAAAAAAAAB5A==}}

@article{Lowndes_2017,
	Author = {Lowndes, Julia S. Stewart and Best, Benjamin D. and Scarborough, Courtney and Afflerbach, Jamie C. and Frazier, Melanie R. and O'Hara, Casey C. and Jiang, Ning and Halpern, Benjamin S.},
	Date-Added = {2020-09-07 12:54:50 -0700},
	Date-Modified = {2020-09-07 12:55:00 -0700},
	Doi = {10.1038/s41559-017-0160},
	Issn = {2397-334X},
	Journal = {Nature Ecology \& Evolution},
	Month = {May},
	Number = {6},
	Publisher = {Springer Science and Business Media LLC},
	Title = {Our path to better science in less time using open data science tools},
	Url = {http://dx.doi.org/10.1038/s41559-017-0160},
	Volume = {1},
	Year = {2017},
	Bdsk-File-1 = {YnBsaXN0MDDSAQIDBFxyZWxhdGl2ZVBhdGhZYWxpYXNEYXRhXxAUcGRmcy9Mb3duZGVzMjAxNy5wZGZPEQGeAAAAAAGeAAIAAAxNYWNpbnRvc2ggSEQAAAAAAAAAAAAAAAAAAAAAAAAAQkQAAf////8PTG93bmRlczIwMTcucGRmAAAAAAAAAAAAAAAAAAAAAAAAAAAAAAAAAAAAAAAAAAAAAAAAAAAAAAAAAAAAAAAA/////wAAAAAAAAAAAAAAAAABAAMAAAogY3UAAAAAAAAAAAAAAAAABHBkZnMAAgBULzpVc2VyczptYXJrbm92YWs6R2l0OlRlYWNoaW5nOkFuYWx5dGljYWxXb3JrZmxvd3M6YmlibGlvZ3JhcGh5OnBkZnM6TG93bmRlczIwMTcucGRmAA4AIAAPAEwAbwB3AG4AZABlAHMAMgAwADEANwAuAHAAZABmAA8AGgAMAE0AYQBjAGkAbgB0AG8AcwBoACAASABEABIAUlVzZXJzL21hcmtub3Zhay9HaXQvVGVhY2hpbmcvQW5hbHl0aWNhbFdvcmtmbG93cy9iaWJsaW9ncmFwaHkvcGRmcy9Mb3duZGVzMjAxNy5wZGYAEwABLwAAFQACABD//wAAAAgADQAaACQAOwAAAAAAAAIBAAAAAAAAAAUAAAAAAAAAAAAAAAAAAAHd}}

@article{Shade_2015,
	Author = {Shade, Ashley and Teal, Tracy K.},
	Date-Added = {2020-09-07 12:50:31 -0700},
	Date-Modified = {2020-09-07 12:50:31 -0700},
	Doi = {10.1371/journal.pbio.1002303},
	Issn = {1545-7885},
	Journal = {PLOS Biology},
	Month = {Nov},
	Number = {11},
	Pages = {e1002303},
	Publisher = {Public Library of Science (PLoS)},
	Title = {Computing Workflows for Biologists: A Roadmap},
	Url = {http://dx.doi.org/10.1371/journal.pbio.1002303},
	Volume = {13},
	Year = {2015},
	Bdsk-File-1 = {YnBsaXN0MDDSAQIDBFxyZWxhdGl2ZVBhdGhZYWxpYXNEYXRhXxAScGRmcy9TaGFkZTIwMTUucGRmTxEBlgAAAAABlgACAAAMTWFjaW50b3NoIEhEAAAAAAAAAAAAAAAAAAAAAAAAAEJEAAH/////DVNoYWRlMjAxNS5wZGYAAAAAAAAAAAAAAAAAAAAAAAAAAAAAAAAAAAAAAAAAAAAAAAAAAAAAAAAAAAAAAAAAAP////8AAAAAAAAAAAAAAAAAAQADAAAKIGN1AAAAAAAAAAAAAAAAAARwZGZzAAIAUi86VXNlcnM6bWFya25vdmFrOkdpdDpUZWFjaGluZzpBbmFseXRpY2FsV29ya2Zsb3dzOmJpYmxpb2dyYXBoeTpwZGZzOlNoYWRlMjAxNS5wZGYADgAcAA0AUwBoAGEAZABlADIAMAAxADUALgBwAGQAZgAPABoADABNAGEAYwBpAG4AdABvAHMAaAAgAEgARAASAFBVc2Vycy9tYXJrbm92YWsvR2l0L1RlYWNoaW5nL0FuYWx5dGljYWxXb3JrZmxvd3MvYmlibGlvZ3JhcGh5L3BkZnMvU2hhZGUyMDE1LnBkZgATAAEvAAAVAAIAEP//AAAACAANABoAJAA5AAAAAAAAAgEAAAAAAAAABQAAAAAAAAAAAAAAAAAAAdM=}}

@article{Sandve_2013,
	Author = {Sandve, Geir Kjetil and Nekrutenko, Anton and Taylor, James and Hovig, Eivind},
	Date-Added = {2020-09-07 12:50:02 -0700},
	Date-Modified = {2020-09-07 12:50:02 -0700},
	Doi = {10.1371/journal.pcbi.1003285},
	Editor = {Bourne, Philip E.Editor},
	Issn = {1553-7358},
	Journal = {PLoS Computational Biology},
	Month = {Oct},
	Number = {10},
	Pages = {e1003285},
	Publisher = {Public Library of Science (PLoS)},
	Title = {Ten Simple Rules for Reproducible Computational Research},
	Url = {http://dx.doi.org/10.1371/journal.pcbi.1003285},
	Volume = {9},
	Year = {2013},
	Bdsk-File-1 = {YnBsaXN0MDDSAQIDBFxyZWxhdGl2ZVBhdGhZYWxpYXNEYXRhXxATcGRmcy9TYW5kdmUyMDEzLnBkZk8RAZwAAAAAAZwAAgAADE1hY2ludG9zaCBIRAAAAAAAAAAAAAAAAAAAAAAAAABCRAAB/////w5TYW5kdmUyMDEzLnBkZgAAAAAAAAAAAAAAAAAAAAAAAAAAAAAAAAAAAAAAAAAAAAAAAAAAAAAAAAAAAAAAAAD/////AAAAAAAAAAAAAAAAAAEAAwAACiBjdQAAAAAAAAAAAAAAAAAEcGRmcwACAFMvOlVzZXJzOm1hcmtub3ZhazpHaXQ6VGVhY2hpbmc6QW5hbHl0aWNhbFdvcmtmbG93czpiaWJsaW9ncmFwaHk6cGRmczpTYW5kdmUyMDEzLnBkZgAADgAeAA4AUwBhAG4AZAB2AGUAMgAwADEAMwAuAHAAZABmAA8AGgAMAE0AYQBjAGkAbgB0AG8AcwBoACAASABEABIAUVVzZXJzL21hcmtub3Zhay9HaXQvVGVhY2hpbmcvQW5hbHl0aWNhbFdvcmtmbG93cy9iaWJsaW9ncmFwaHkvcGRmcy9TYW5kdmUyMDEzLnBkZgAAEwABLwAAFQACABD//wAAAAgADQAaACQAOgAAAAAAAAIBAAAAAAAAAAUAAAAAAAAAAAAAAAAAAAHa}}

@comment{BibDesk Static Groups{
<?xml version="1.0" encoding="UTF-8"?>
<!DOCTYPE plist PUBLIC "-//Apple//DTD PLIST 1.0//EN" "http://www.apple.com/DTDs/PropertyList-1.0.dtd">
<plist version="1.0">
<array>
	<dict>
		<key>group name</key>
		<string>Git</string>
		<key>keys</key>
		<string>Blischak_2016</string>
	</dict>
	<dict>
		<key>group name</key>
		<string>OpenScience</string>
		<key>keys</key>
		<string>Lowndes_2017</string>
	</dict>
	<dict>
		<key>group name</key>
		<string>Philosophy</string>
		<key>keys</key>
		<string>Lowndes_2017,Sholler_2019,Sandve_2013</string>
	</dict>
	<dict>
		<key>group name</key>
		<string>WorkflowDiagrams</string>
		<key>keys</key>
		<string>Sandve_2013,Shade_2015</string>
	</dict>
</array>
</plist>
}}
